@article{althouse2009differences,
  title={Differences in impact factor across fields and over time},
  author={Althouse, Benjamin M and West, Jevin D and Bergstrom, Carl T and Bergstrom, Theodore},
  journal={Journal of the American Society for Information Science and Technology},
  volume={60},
  number={1},
  pages={27--34},
  year={2009},
  publisher={Wiley Online Library}
}

@inproceedings{delgado2014analyzing,
  title={Analyzing the Coauthorship Networks of Latin American Computer Science Research Groups},
  author={Delgado-Garcia, Juan F and Laender, Alberto HF and Meira, Wagner},
  booktitle={2014 9th Latin American Web Congress},
  pages={77--81},
  year={2014},
  organization={IEEE}
}

@article{fayyad1996data,
  title={From data mining to knowledge discovery in databases},
  author={Fayyad, Usama and Piatetsky-Shapiro, Gregory and Smyth, Padhraic},
  journal={AI magazine},
  volume={17},
  number={3},
  pages={37--37},
  year={1996}
}

@article{franceschet2011collaboration,
  title={Collaboration in computer science: A network science approach},
  author={Franceschet, Massimo},
  journal={Journal of the American Society for Information Science and Technology},
  volume={62},
  number={10},
  pages={1992--2012},
  year={2011},
  publisher={Wiley Online Library}
}

@article{glanzel2003bibliometrics,
  title={Bibliometrics as a research field--A course on theory and application of bibliometric indicators},
  author={Gl{\"a}nzel, Wolfgang},
  year={2003},
  publisher={Citeseer}
}

@article{ioannidis2008measuring,
  title={Measuring co-authorship and networking-adjusted scientific impact},
  author={Ioannidis, John PA},
  journal={PloS one},
  volume={3},
  number={7},
  pages={e2778},
  year={2008},
  publisher={Public Library of Science}
}

@article{katz1997research,
  title={What is research collaboration?},
  author={Katz, J Sylvan and Martin, Ben R},
  journal={Research policy},
  volume={26},
  number={1},
  pages={1--18},
  year={1997},
  publisher={Elsevier}
}

@article{lee2005impact,
  title={The impact of research collaboration on scientific productivity},
  author={Lee, Sooho and Bozeman, Barry},
  journal={Social studies of science},
  volume={35},
  number={5},
  pages={673--702},
  year={2005},
  publisher={Sage Publications Sage CA: Thousand Oaks, CA}
}

@article{levenshtein1965двоичные,
  title={Двоичные коды с исправлением выпадений, вставок и замещений символов (Binary Codes Capable of Correcting Deletions, Insertions, and Reversals)},
  author={Levenshtein, Vladimir I},
  journal={Доклады Академий Наук СССР},
  volume={163},
  number={4},
  pages={845--848},
  year={1965}
}

@article{liu2005co,
  title={Co-authorship networks in the digital library research community},
  author={Liu, Xiaoming and Bollen, Johan and Nelson, Michael L and Van de Sompel, Herbert},
  journal={Information processing \& management},
  volume={41},
  number={6},
  pages={1462--1480},
  year={2005},
  publisher={Elsevier}
}

@article{maia2008co,
  title={Co-autoria como indicador de redes de colabora{\c{c}}{\~a}o cient{\'\i}fica},
  author={Maia, Maria de F{\'a}tima Santos and Caregnato, S{\^o}nia Elisa},
  year={2008}
}

@inproceedings{medeiros2013dynamics,
  title={The dynamics of multidisciplinary research networks-mining a public repository of scientists CVs},
  author={Medeiros, Claudia Bauzer and Mena-Chalco, JP},
  booktitle={World Social Science Forum},
  pages={1--17},
  year={2013}
}

@article{mena2014brazilian,
  title={Brazilian bibliometric coauthorship networks},
  author={Mena-Chalco, Jes{\'u}s Pascual and Digiampietri, Luciano Antonio and Lopes, Fabr{\'\i}cio Martins and Cesar, Roberto Marcondes},
  journal={Journal of the Association for Information Science and Technology},
  volume={65},
  number={7},
  pages={1424--1445},
  year={2014},
  publisher={Wiley Online Library}
}

@article{mena2013prospecccao,
  title={Prospec{\c{c}}{\~a}o de dados acad{\^e}micos de curr{\'\i}culos Lattes atrav{\'e}s de Scriptlattes},
  author={Mena-Chalco, Jes{\'u}s Pascual and Junior, Cesar},
  journal={Bibliometria e Cientometria: reflex{\~o}es te{\'o}ricas e interfaces. S{\~a}o Carlos: Pedro \& Jo{\~a}o},
  year={2013}
}

@article{mena2009scriptlattes,
  title={ScriptLattes: an open-source knowledge extraction system from the Lattes platform},
  author={Mena-Chalco, Jes{\'u}s Pascual and Junior, Roberto Marcondes Cesar},
  journal={Journal of the Brazilian Computer Society},
  volume={15},
  number={4},
  pages={31--39},
  year={2009},
  publisher={Springer}
}

@article{newman2001scientific,
  title={Scientific collaboration networks. I. Network construction and fundamental results},
  author={Newman, Mark EJ},
  journal={Physical review E},
  volume={64},
  number={1},
  pages={016131},
  year={2001},
  publisher={APS}
}

@article{newman2001scientific,
  title={Scientific collaboration networks. II. Shortest paths, weighted networks, and centrality},
  author={Newman, Mark EJ},
  journal={Physical review E},
  volume={64},
  number={1},
  pages={016132},
  year={2001},
  publisher={APS}
}

@article{newman2001structure,
  title={The structure of scientific collaboration networks},
  author={Newman, Mark EJ},
  journal={Proceedings of the national academy of sciences},
  volume={98},
  number={2},
  pages={404--409},
  year={2001},
  publisher={National Acad Sciences}
}

@article{newman2004coauthorship,
  title={Coauthorship networks and patterns of scientific collaboration},
  author={Newman, Mark EJ},
  journal={Proceedings of the national academy of sciences},
  volume={101},
  number={suppl 1},
  pages={5200--5205},
  year={2004},
  publisher={National Acad Sciences}
}

@inproceedings{reuther2006managing,
  title={Managing the quality of person names in DBLP},
  author={Reuther, Patrick and Walter, Bernd and Ley, Michael and Weber, Alexander and Klink, Stefan},
  booktitle={International Conference on Theory and Practice of Digital Libraries},
  pages={508--511},
  year={2006},
  organization={Springer}
}

@book{roemer2015meaningful,
  title={Meaningful metrics: a 21st-century librarian's guide to bibliometrics, altmetrics, and research impact},
  author={Roemer, Robin Chin and Borchardt, Rachel},
  year={2015},
  publisher={American Library Association}
}

@article{santin2016collaboration,
  title={Collaboration networks in the Brazilian scientific output in evolutionary biology: 2000-2012},
  author={Santin, Dirce M and Vanz, Samile AS and Stumpf, Ida RC},
  journal={Anais da Academia Brasileira de Ci{\^e}ncias},
  volume={88},
  number={1},
  pages={165--178},
  year={2016},
  publisher={SciELO Brasil}
}

@article{saracevic1995interdisciplinary,
  title={Interdisciplinary nature of information science},
  author={Saracevic, Tefko},
  journal={Ci{\^e}ncia da informa{\c{c}}{\~a}o},
  volume={24},
  number={1},
  pages={36--41},
  year={1995}
}

@article{sidone2016ciencia,
  title={A ci{\^e}ncia nas regi{\~o}es brasileiras: evolu{\c{c}}{\~a}o da produ{\c{c}}{\~a}o e das redes de colabora{\c{c}}{\~a}o cient{\'\i}fica},
  author={Sidone, Ot{\'a}vio Jos{\'e} Guerci and Haddad, Eduardo Amaral and Mena-Chalco, Jes{\'u}s Pascual},
  journal={Transinforma{\c{c}}{\~a}o},
  volume={28},
  number={1},
  pages={15--32},
  year={2016},
  publisher={SciELO Brasil}
}

@article{tomasello2017data,
  title={Data-driven modeling of collaboration networks: a cross-domain analysis},
  author={Tomasello, Mario V and Vaccario, Giacomo and Schweitzer, Frank},
  journal={EPJ Data Science},
  volume={6},
  number={1},
  pages={22},
  year={2017},
  publisher={SpringerOpen}
}

@article{wainer2009scientific,
  title={Scientific production in computer science: A comparative study of Brazil and other countries},
  author={Wainer, Jacques and Xavier, Eduardo C and Bezerra, Fabio},
  journal={Scientometrics},
  volume={81},
  number={2},
  pages={535},
  year={2009},
  publisher={Springer}
}

%% Samples
@book{ibge1993,
	Address = {Rio de Janeiro},
	Author = {IBGE},
	Date-Added = {2013-08-21 13:56:10 +0000},
	Date-Modified = {2013-08-21 13:56:10 +0000},
	Edition = {3},
	Organization = {http://biblioteca.ibge.gov.br/visualizacao/livros/liv23907.pdf},
	Publisher = {Centro de Documenta{\c c}{\~a}o e Dissemina{\c c}{\~a}o de Informa{\c c}{\~o}es. Funda{\c c}{\~a}o Intituto Brasileiro de Geografia e Estat{\'\i}stica},
	Title = {Normas de apresenta{\c c}{\~a}o tabular},
	Urlaccessdate = {21 ago 2013},
	Year = {1993}}

@misc{abntex2-wiki-como-customizar,
	Author = {abnTeX2},
	Date-Added = {2013-03-23 21:39:21 +0000},
	Date-Modified = {2013-03-23 21:44:20 +0000},
	Howpublished = {Wiki do abnTeX2},
	Keywords = {wiki},
	Title = {Como customizar o abnTeX2},
	Url = {https://code.google.com/p/abntex2/wiki/ComoCustomizar},
	Urlaccessdate = {23 mar. 2013},
	Year = {2013},
	Bdsk-Url-1 = {https://code.google.com/p/abntex2/wiki/ComoCustomizar}}

@manual{talbot2012,
	Author = {Nicola L.C. Talbot},
	Date-Added = {2013-03-11 12:06:04 +0000},
	Date-Modified = {2013-03-11 12:06:56 +0000},
	Month = {Nov.},
	Title = {User Manual for glossaries.sty},
	Url = {http://mirrors.ctan.org/macros/latex/contrib/glossaries/glossaries-user.pdf},
	Urlaccessdate = {11 mar. 2013},
	Year = {2012},
	Bdsk-Url-1 = {http://mirrors.ctan.org/macros/latex/contrib/glossaries/glossaries-user.pdf}}

@manual{babel,
	Author = {Johannes Braams},
	Date-Added = {2013-02-17 13:37:14 +0000},
	Date-Modified = {2013-02-17 13:38:38 +0000},
	Month = {Apr.},
	Title = {Babel, a multilingual package for use with LATEX's standard document classes},
	Url = {http://mirrors.ctan.org/info/babel/babel.pdf},
	Urlaccessdate = {17 fev. 2013},
	Year = {2008},
	Bdsk-Url-1 = {http://mirrors.ctan.org/info/babel/babel.pdf}}

@manual{abntex2modelo-artigo,
	Annote = {Este documento {\'e} derivado do \cite{abnt-bibtex-doc}},
	Author = {abnTeX2},
	Date-Added = {2013-01-15 00:10:35 +0000},
	Date-Modified = {2013-02-04 12:05:47 +0000},
	Organization = {Equipe abnTeX2},
	Title = {Modelo Can{\^o}nico de Artigo Cient{\'\i}fico com abnTeX2},
	Url = {http://abntex2.googlecode.com/},
	Year = {2013},
	Bdsk-Url-1 = {http://code.google.com/p/abntex2/}}

@manual{abntex2modelo-relatorio,
	Annote = {Este documento {\'e} derivado do \cite{abnt-bibtex-doc}},
	Author = {abnTeX2},
	Date-Added = {2013-01-15 00:05:34 +0000},
	Date-Modified = {2013-02-04 12:05:50 +0000},
	Organization = {Equipe abnTeX2},
	Title = {Modelo Can{\^o}nico de Relat{\'o}rio T{\'e}cnico e/ou Cient{\'\i}fico com abnTeX2},
	Url = {http://abntex2.googlecode.com/},
	Year = {2013},
	Bdsk-Url-1 = {http://code.google.com/p/abntex2/}}

@manual{abntex2modelo,
	Annote = {Este documento {\'e} derivado do \cite{abnt-bibtex-doc}},
	Author = {abnTeX2},
	Date-Added = {2013-01-12 22:55:32 +0000},
	Date-Modified = {2013-02-04 12:05:54 +0000},
	Organization = {Equipe abnTeX2},
	Title = {Modelo Can{\^o}nico de Trabalho Acad{\^e}mico com abnTeX2},
	Url = {http://abntex2.googlecode.com/},
	Year = {2013},
	Bdsk-Url-1 = {http://code.google.com/p/abntex2/}}

@mastersthesis{araujo2012,
	Address = {Bras{\'\i}lia},
	Author = {Lauro C{\'e}sar Araujo},
	Date-Added = {2013-01-09 11:04:42 +0000},
	Date-Modified = {2013-01-09 11:04:42 +0000},
	Month = {mar.},
	School = {Universidade de Bras{\'\i}lia},
	Subtitle = {uma perspectiva de {A}rquitetura da {I}nforma{\c c}{\~a}o da {E}scola de {B}ras{\'\i}lia},
	Title = {Configura{\c c}{\~a}o},
	Year = {2012}}

@manual{memoir,
	Address = {Normandy Park, WA},
	Author = {Peter Wilson and Lars Madsen},
	Date-Added = {2013-01-09 10:37:50 +0000},
	Date-Modified = {2013-03-21 13:23:25 +0000},
	Organization = {The Herries Press},
	Title = {The Memoir Class for Configurable Typesetting - User Guide},
	Url = {http://mirrors.ctan.org/macros/latex/contrib/memoir/memman.pdf},
	Urlaccessdate = {19 dez. 2012},
	Year = {2010},
	Bdsk-Url-1 = {http://ctan.tche.br/macros/latex/contrib/memoir/memman.pdf}}

@manual{abntex2cite-alf,
	Annote = {Este documento {\'e} derivado do \cite{abnt-bibtex-alf-doc}},
	Author = {abnTeX2 and Lauro C{\'e}sar Araujo},
	Date-Added = {2013-01-09 10:37:45 +0000},
	Date-Modified = {2013-04-05 11:03:05 +0000},
	Organization = {Equipe abnTeX2},
	Title = {O pacote abntex2cite: t{\'o}picos espec{\'\i}ficos da ABNT NBR 10520:2002 e o estilo bibliogr{\'a}fico alfab{\'e}tico (sistema autor-data)},
	Url = {http://abntex2.googlecode.com/},
	Year = {2013},
	Bdsk-Url-1 = {http://code.google.com/p/abntex2/}}

@manual{abntex2cite,
	Annote = {Este documento {\'e} derivado do \cite{abnt-bibtex-doc}},
	Author = {abnTeX2 and Lauro C{\'e}sar Araujo},
	Date-Added = {2013-01-09 10:37:45 +0000},
	Date-Modified = {2013-04-05 10:47:36 +0000},
	Organization = {Equipe abnTeX2},
	Title = {O pacote abntex2cite: Estilos bibliogr{\'a}ficos compat{\'\i}veis com a ABNT NBR 6023},
	Url = {http://abntex2.googlecode.com/},
	Year = {2013},
	Bdsk-Url-1 = {http://code.google.com/p/abntex2/}}

@manual{abntex2classe,
	Author = {abnTeX2 and Lauro C{\'e}sar Araujo},
	Date-Added = {2013-01-09 10:37:38 +0000},
	Date-Modified = {2013-04-05 11:03:48 +0000},
	Organization = {Equipe abnTeX2},
	Title = {A classe abntex2: Modelo can{\^o}nico de trabalhos acad{\^e}micos brasileiros compat{\'\i}vel com as normas ABNT NBR 14724:2011, ABNT NBR 6024:2012 e outras},
	Url = {http://abntex2.googlecode.com/},
	Year = {2013},
	Bdsk-Url-1 = {http://code.google.com/p/abntex2/}}

@manual{NBR10520:2002,
	Address = {Rio de Janeiro},
	Date-Added = {2012-12-15 21:43:38 +0000},
	Date-Modified = {2013-01-12 22:17:20 +0000},
	Month = {ago.},
	Org-Short = {ABNT},
	Organization = {Associa{\c c}\~ao Brasileira de Normas T\'ecnicas},
	Pages = 7,
	Subtitle = {Informa{\c c}\~ao e documenta{\c c}\~ao --- Apresenta{\c c}\~ao de cita{\c c}\~oes em documentos},
	Title = {{NBR} 10520},
	Year = 2002}

@manual{NBR6024:2012,
	Address = {Rio de Janeiro},
	Date-Added = {2012-12-15 21:24:06 +0000},
	Date-Modified = {2012-12-15 21:24:28 +0000},
	Month = {fev.},
	Org-Short = {ABNT},
	Organization = {Associa{\c c}\~ao Brasileira de Normas T\'ecnicas},
	Pages = 4,
	Subtitle = {Numera{\c c}\~ao progressiva das se{\c c}\~oes de um documento},
	Title = {{NBR} 6024},
	Year = 2012}

@manual{NBR6028:2003,
	Address = {Rio de Janeiro},
	Date-Added = {2012-12-15 21:02:12 +0000},
	Date-Modified = {2012-12-15 21:02:50 +0000},
	Month = {nov.},
	Org-Short = {ABNT},
	Organization = {Associa{\c c}\~ao Brasileira de Normas T\'ecnicas},
	Pages = 2,
	Subtitle = {Resumo - Apresenta{\c c}{\~a}o},
	Title = {{NBR} 6028},
	Year = 2003}

@manual{NBR14724:2001,
	Address = {Rio de Janeiro},
	Date-Added = {2012-12-15 20:34:08 +0000},
	Date-Modified = {2012-12-15 20:34:08 +0000},
	Month = {jul.},
	Org-Short = {ABNT},
	Organization = {Associa{\c c}\~ao Brasileira de Normas T\'ecnicas},
	Pages = 6,
	Subtitle = {Informa{\c c}\~ao e documenta{\c c}\~ao --- trabalhos acad\^emicos --- apresenta{\c c}\~ao},
	Title = {{NBR} 14724},
	Year = 2001}

@manual{NBR14724:2002,
	Address = {Rio de Janeiro},
	Date-Added = {2012-12-15 20:34:17 +0000},
	Date-Modified = {2012-12-15 20:34:17 +0000},
	Month = {ago.},
	Org-Short = {ABNT},
	Organization = {Associa{\c c}\~ao Brasileira de Normas T\'ecnicas},
	Pages = 6,
	Subtitle = {Informa{\c c}\~ao e documenta{\c c}\~ao --- trabalhos acad\^emicos --- apresenta{\c c}\~ao},
	Title = {{NBR} 14724},
	Year = 2002}

@manual{NBR14724:2005,
	Address = {Rio de Janeiro},
	Date-Added = {2012-12-15 20:34:08 +0000},
	Date-Modified = {2012-12-15 20:35:25 +0000},
	Month = {dez.},
	Org-Short = {ABNT},
	Organization = {Associa{\c c}\~ao Brasileira de Normas T\'ecnicas},
	Pages = 9,
	Subtitle = {Informa{\c c}\~ao e documenta{\c c}\~ao --- trabalhos acad\^emicos --- apresenta{\c c}\~ao},
	Title = {{NBR} 14724},
	Year = 2005}

@manual{NBR14724:2011,
	Address = {Rio de Janeiro},
	Date-Added = {2012-12-15 20:34:08 +0000},
	Date-Modified = {2012-12-15 20:35:25 +0000},
	Month = {mar.},
	Note = {Substitui a Ref.~\citeonline{NBR14724:2005}},
	Org-Short = {ABNT},
	Organization = {Associa{\c c}\~ao Brasileira de Normas T\'ecnicas},
	Pages = 15,
	Subtitle = {Informa{\c c}\~ao e documenta{\c c}\~ao --- trabalhos acad\^emicos --- apresenta{\c c}\~ao},
	Title = {{NBR} 14724},
	Year = 2011}

@article{van86,
	Author = {{van}, Gigch, John P. and Leo L. Pipino},
	Journal = {Future Computing Systems},
	Number = {1},
	Pages = {71-97},
	Title = {In search for a paradigm for the discipline of information systems},
	Volume = {1},
	Year = {1986}}

@phdthesis{guizzardi2005,
	Address = {Enschede, The Netherlands},
	Author = {Giancarlo Guizzardi},
	Date-Added = {2012-04-23 11:35:28 +0000},
	Date-Modified = {2012-04-23 11:35:28 +0000},
	School = {Centre for Telematics and Information Technology, University of Twente},
	Title = {Ontological Foundations for Structural Conceptual Models},
	Url = {http://www.loa.istc.cnr.it/Guizzardi/SELMAS-CR.pdf},
	Urlaccessdate = {3 jul. 2011},
	Year = {2005},
	Bdsk-Url-1 = {http://www.loa.istc.cnr.it/Guizzardi/SELMAS-CR.pdf}}

@mastersthesis{macedo2005,
	Author = {Fl{\'a}via L. Macedo},
	Date-Added = {2012-04-23 11:35:13 +0000},
	Date-Modified = {2012-04-23 11:35:13 +0000},
	Keywords = {arquitetura da informa{\c c}{\~a}o},
	School = {Universidade de Bras{\'\i}lia},
	Title = {Arquitetura da Informa{\c c}{\~a}o: aspectos espistemol{\'o}gicos, cient{\'\i}ficos e pr{\'a}ticos.},
	Type = {Disserta{\c c}{\~a}o de Mestrado},
	Year = {2005}}

@manual{EIA649B,
	Address = {EUA},
	Date-Added = {2012-04-23 11:34:59 +0000},
	Date-Modified = {2012-04-23 11:34:59 +0000},
	Keywords = {norma},
	Month = {June},
	Organization = {TechAmerica},
	Title = {ANSI/EIA 649-B: Configuration Management Standard},
	Year = {2011}}

@inproceedings{masolo2010,
	Author = {Claudio Masolo},
	Booktitle = {Proceedings of the Twelfth International Conference on the Principles of Knowledge Representation and Reasoning (KR 2010)},
	Date-Added = {2012-04-23 11:34:38 +0000},
	Date-Modified = {2012-04-23 11:34:38 +0000},
	Editor = {Lin, F. and Sattler, U.},
	Pages = {258-268},
	Publisher = {AAAI Press},
	Title = {Understanding Ontological Levels},
	Url = {http://wiki.loa-cnr.it/Papers/kr10v0.7.pdf},
	Urlaccessdate = {2 jan. 2012},
	Year = {2010},
	Bdsk-Url-1 = {http://wiki.loa-cnr.it/Papers/kr10v0.7.pdf}}

@inbook{guarino1995,
	Address = {Vienna},
	Author = {Nicola Guarino},
	Booktitle = {Philosophy and the Cognitive Science},
	Date-Added = {2012-04-23 11:34:29 +0000},
	Date-Modified = {2012-04-23 11:34:29 +0000},
	Editor = {R. Casati and B. Smith and G. White},
	Month = {Sept.},
	Pages = {443-456},
	Publisher = {Holder-Pivhler-Tempsky},
	Title = {The Ontological Level},
	Url = {http://wiki.loa-cnr.it/Papers/OntLev.pdf},
	Urlaccessdate = {2 jan. 2012},
	Year = {1995},
	Bdsk-Url-1 = {http://wiki.loa-cnr.it/Papers/OntLev.pdf}}

@incollection{bates2010,
	Address = {New York},
	Author = {Marcia J. Bates},
	Booktitle = {Encyclopedia of Library and Information Sciences},
	Date-Added = {2012-04-23 11:34:29 +0000},
	Date-Modified = {2012-04-23 11:34:29 +0000},
	Edition = {3rd},
	Editor = {Marcia J. Bates and Mary Niles Maack},
	Pages = {2347-2360},
	Publisher = {CRC Press},
	Title = {Information},
	Url = {http://pages.gseis.ucla.edu/faculty/bates/articles/information.html},
	Urlaccessdate = {24 out. 2011},
	Volume = {3},
	Year = {2010},
	Bdsk-Url-1 = {http://pages.gseis.ucla.edu/faculty/bates/articles/information.html}}

@book{doxiadis1965,
	Author = {Constantinos A. Doxiadis},
	Date-Added = {2012-04-23 11:34:20 +0000},
	Date-Modified = {2012-04-23 11:34:20 +0000},
	Publisher = {Ceira - Coimbra},
	Title = {Arquitetura em Transi{\c c}{\~a}o},
	Year = {1965}}

@book{dewey1980,
	Address = {New York, NY, USA},
	Author = {John Dewey},
	Date-Added = {2012-04-23 11:34:16 +0000},
	Date-Modified = {2012-04-23 11:34:16 +0000},
	Publisher = {Perigee Books},
	Title = {Art as Experience},
	Year = {1980}}
